<?xml version="1.0" encoding="utf-8"?>
<record xmlns="http://www.loc.gov/MARC21/slim" xmlns:xsi="http://www.w3.org/2001/XMLSchema-instance" xsi:schemaLocation="http://www.loc.gov/MARC21/slim http://www.loc.gov/standards/marcxml/schema/MARC21slim.xsd">
	<leader>     nam a22     Mi 4500</leader>
	<controlfield tag="001">b1276730x</controlfield>
	<controlfield tag="003">LeBAU</controlfield>
	<controlfield tag="006">m        d        </controlfield>
	<controlfield tag="007">cr cn |||m|||a</controlfield>
	<controlfield tag="008">181029s1946    ua      o     ||0 0 ara d</controlfield>
	<datafield ind1=" " ind2=" " tag="040">
		<subfield code="a">ZYU</subfield>
		<subfield code="b">ara</subfield>
		<subfield code="e">rda</subfield>
		<subfield code="c">ZYU</subfield>
	</datafield>
	<datafield ind1=" " ind2="4" tag="050">
		<subfield code="a">KF373.S52</subfield>
		<subfield code="b">S52 1946</subfield>
	</datafield>
	<datafield ind1="0" ind2="4" tag="082">
		<subfield code="a">923.4</subfield>
		<subfield code="2">20</subfield>
	</datafield>
	<datafield ind1="1" ind2=" " tag="100">
		<subfield code="6">880-01</subfield>
		<subfield code="a">Shāfiʻī, Muḥammad ibn Idrīs,</subfield>
		<subfield code="d">767 or 768-820,</subfield>
		<subfield code="e">author.</subfield>
	</datafield>
	<datafield ind1="1" ind2="0" tag="245">
		<subfield code="6">880-02</subfield>
		<subfield code="a">Tārīkh al-Imām al-Shāfi‘ī :</subfield>
		<subfield code="b">bi-qalamihi wa-mā katabahu ‘an nafsih wa-tashmulu sabab ḥuḍūrihi li-Miṣr wa-riḥlatihi ilá al-Madīnah wa-Makkah wa-al-Kūfah wa-al-‘Irāq wa-mā laqāh /</subfield>
		<subfield code="c">riwāyah ‘an Abī Bakr Muḥammad ibn al-Mundhir ‘an Abī Muḥammad al-Rabī‘ al-Murādī ‘an al-Shāfi‘ī nafsahu, wa-fī awwalihā samā‘ lil-‘Allāmah al-Juwaynī wa-bi-ākhirihā samā‘ ayḍan lil-‘Allāmah al-Juwānī al-nassābah naqīb al-nuqabā’. Wa-yalīhi Tārīkh shāmil lil-Imām al-Shāfi‘ī ayḍan wa-dhikr manāqibihi wa-karāmātihi wa-madhabayhi al-qadīm wa-al-jadīd wa-sabab majī’ihi li-Miṣr wa-mā ḥadathah fī wafātihi bihā / min ta’līf al-‘allāmah al-‘ālim ṣāḥib al-darajatayn dhī al-samāḥah wa-al-faḍīlah al-ustādh al-kabīr al-ḥabr al-baḥr al-Sayyid Ḥusayn Muḥammad al-Rifā‘ī al-Shāfi‘ī al-Ḥanafī, min kibār ulamā’ al-Azhar wa-al-mushrif al-‘ām ‘alá ma‘āriḍ Dār al-Kutub al-Miṣrīyah bi-al-Qāhirah wa-ra’īs Rābiṭat al-Ashrāf al-Kubrá al-‘alamīyah.</subfield>
	</datafield>
	<datafield ind1=" " ind2="1" tag="264">
		<subfield code="6">880-03</subfield>
		<subfield code="a">Miṣr :</subfield>
		<subfield code="b">Maṭba‘at al-Ḥurrīyah,</subfield>
		<subfield code="c">1366 H., [1946? M.]</subfield>
	</datafield>
	<datafield ind1=" " ind2=" " tag="300">
		<subfield code="6">880-04</subfield>
		<subfield code="a">online resource (64 pages)</subfield>
	</datafield>
	<datafield ind1=" " ind2=" " tag="336">
		<subfield code="a">text</subfield>
		<subfield code="2">rdacontent</subfield>
	</datafield>
	<datafield ind1=" " ind2=" " tag="337">
		<subfield code="a">computer</subfield>
		<subfield code="2">rdamedia</subfield>
	</datafield>
	<datafield ind1=" " ind2=" " tag="338">
		<subfield code="a">online resource</subfield>
		<subfield code="2">rdacarrier</subfield>
	</datafield>
	<datafield ind1=" " ind2=" " tag="500">
		<subfield code="a">Part of the Arabic Collections Online (ACO) project, contributed by American University of Beirut's Jafet Memorial Library.</subfield>
	</datafield>
	<datafield ind1=" " ind2=" " tag="533">
		<subfield code="a">Electronic reproduction.</subfield>
		<subfield code="b">New York, N.Y. :</subfield>
		<subfield code="c">New York University,</subfield>
		<subfield code="d">2018.</subfield>
		<subfield code="5">NNU</subfield>
	</datafield>
	<datafield ind1="1" ind2="0" tag="600">
		<subfield code="6">880-05</subfield>
		<subfield code="a">Shāfiʻī, Muḥammad ibn Idrīs,</subfield>
		<subfield code="d">767 or 768-820.</subfield>
	</datafield>
	<datafield ind1=" " ind2="0" tag="650">
		<subfield code="6">880-06</subfield>
		<subfield code="a">Ulama</subfield>
		<subfield code="v">Biography.</subfield>
	</datafield>
	<datafield ind1="1" ind2=" " tag="700">
		<subfield code="6">880-07</subfield>
		<subfield code="a">Rifā‘ī, Ḥusayn Muḥammad,</subfield>
		<subfield code="e">author.</subfield>
	</datafield>
	<datafield ind1="2" ind2=" " tag="710">
		<subfield code="a">Jafet Memorial Library.</subfield>
	</datafield>
	<datafield ind1="0" ind2=" " tag="730">
		<subfield code="a">Arabic Collections Online.</subfield>
	</datafield>
	<datafield ind1="0" ind2="8" tag="776">
		<subfield code="i">Print version:</subfield>
		<subfield code="a">Shāfiʻī, Muḥammad ibn Idrīs, 767 or 768-820, author.</subfield>
		<subfield code="t">Tārīkh al-Imām al-Shāfi‘ī</subfield>
		<subfield code="w">(LeBAU)b1276730x</subfield>
	</datafield>
	<datafield ind1="4" ind2="0" tag="856">
		<subfield code="u">http://hdl.handle.net/2333.1/2v6wwx58</subfield>
	</datafield>
	<datafield ind1="1" ind2=" " tag="880">
		<subfield code="6">100-01</subfield>
		<subfield code="a">الشافعي، محمد بن ادريس،</subfield>
		<subfield code="d">767 او 768-820،</subfield>
		<subfield code="e">مؤلف.</subfield>
		<subfield code="4">aut.</subfield>
	</datafield>
	<datafield ind1="1" ind2="0" tag="880">
		<subfield code="6">245-02</subfield>
		<subfield code="a">تاريخ الإمام الشافعي :</subfield>
		<subfield code="b">بقلمه وما كتبه عن نفسه وتشمل سبب حضوره لمصر ورحلته الى المدينة ومكة و الكوفة و العراق وما لاقاه /</subfield>
		<subfield code="c">رواية عن أبي بكر محمد بن المنذر عن أبي محمد الربيع المرادي عن الشافعي نفسه وفي أولها سماع للعلامة الجويني وبآخرها سماع أيضاُ للعلامة الجوانبي النسابة نقيب النقباء. ويليه تاريخ شامل للإمام الشافعي أيضاً وذكر مناقبه وكراماته ومذهبيه القديم والجديد وسبب مجيئه لمصر وما حدث في وفاته بها / من تأليف العلامة العالم صاحب الدرجتين ذي السماحة والفضيلة الأستاذ الكبير الحبر البحر السيد حسين محمد الرفاعي الشافعي الحنفي، من كبار علماء الأزهر والمشرف العام على معارض دار الكتب المصرية بالقاهرة ورئيس رابطة الأشراف الكبرى العالمية</subfield>
	</datafield>
	<datafield ind1=" " ind2="1" tag="880">
		<subfield code="6">264-03</subfield>
		<subfield code="a">مصر :</subfield>
		<subfield code="b">مطبعة الحرية،</subfield>
		<subfield code="c">1366 هـ.، [1946؟ م.]</subfield>
	</datafield>
	<datafield ind1=" " ind2=" " tag="880">
		<subfield code="6">300-04</subfield>
		<subfield code="a">64 صفحة ؛</subfield>
		<subfield code="c">20 سم</subfield>
	</datafield>
	<datafield ind1="1" ind2="4" tag="880">
		<subfield code="6">600-05</subfield>
		<subfield code="a">الشافعي، محمد بن إدريس،</subfield>
		<subfield code="d">767 او 768-820.</subfield>
	</datafield>
	<datafield ind1=" " ind2="4" tag="880">
		<subfield code="6">650-06</subfield>
		<subfield code="a">العلماء (الإسلام)</subfield>
		<subfield code="v">تراجم.</subfield>
	</datafield>
	<datafield ind1="1" ind2=" " tag="880">
		<subfield code="6">700-07</subfield>
		<subfield code="a">الرفاعي، حسين محمد،</subfield>
		<subfield code="e">مؤلف.</subfield>
		<subfield code="4">aut.</subfield>
	</datafield>
	<datafield ind1=" " ind2=" " tag="959">
		<subfield code="a">NNU</subfield>
		<subfield code="b">WEB</subfield>
		<subfield code="c">GENI</subfield>
		<subfield code="t">0</subfield>
		<subfield code="m">Electronic access</subfield>
		<subfield code="s">01</subfield>
	</datafield>
	<datafield ind1=" " ind2=" " tag="999">
		<subfield code="i">LeBAU_b1276730x</subfield>
		<subfield code="s">aub_aco001843</subfield>
		<subfield code="e">(ERROR-880)</subfield>
		<subfield code="s">aub_aco001843</subfield>
	</datafield>
</record>
